<record xmlns="http://www.loc.gov/MARC21/slim" xmlns:xsi="http://www.w3.org/2001/XMLSchema-instance" xsi:schemaLocation="http://www.loc.gov/MARC21/slim http://www.loc.gov/standards/marcxml/schema/MARC21slim.xsd"><leader>00321nz   2200109n  4500</leader><controlfield tag="001">oca02824370 </controlfield><controlfield tag="005">19900928112057.0</controlfield><controlfield tag="008">900928n| acannaab|          |n aad |||  </controlfield><datafield ind1=" " ind2=" " tag="010"><subfield code="a">n  90698934 </subfield></datafield><datafield ind1=" " ind2=" " tag="040"><subfield code="a">DLC</subfield><subfield code="c">DLC</subfield></datafield><datafield ind1="1" ind2=" " tag="100"><subfield code="a">Cato, Dionysius</subfield></datafield><datafield ind1=" " ind2=" " tag="670"><subfield code="a">nuc90-60951: His Disticha moralia ... [MI] 1577</subfield><subfield code="b">(hdg. on GmC rept.: Cato, Dionysius)</subfield></datafield></record>